@misc{flatsat-platform-repo,
    author  = {{SpaceLab}},
    title   = {{FlatSat Platform}},
    year    = {2020},
    note    = {Available at <\url{https://github.com/spacelab-ufsc/flatsat-platform}>}
}
