@misc{flatsat-draftsman,
    author  = {{SpaceLab}},
    title   = {{FlatSat draftsman documentation}},
    year    = {2020},
    note    = {Available at <\href{https://github.com/spacelab-ufsc/flatsat-platform/hardware/outputs/board\_draftsman/board\_draftsman.pdf}{https://github.com/spacelab-ufsc/flatsat-platform/tree/dev/hardware/outputs/board\_draftsman/board\_draftsman.pdf}>}
}