@misc{ftdi-usb-hardware-guidelines,
    author  = {{Future Technology Devices International Ltd}},
    title   = {{USB Hardware Design Guidelines for FTDI ICs}},
    year    = {2014},
    note    = {Available at \url{https://www.ftdichip.com/Support/Documents/AppNotes/AN\_146\_USB\_Hardware\_Design\_Guidelines\_for\_FTDI\_ICs.pdf}}
}