@misc{golds-ufsc,
    author  = {{SpaceLab}},
    title   = {{GOLDS-UFSC Mission Documentation}},
    year    = {2020},
    note    = {Available at <\href{https://github.com/spacelab-ufsc/golds-ufsc-doc}{https://github.com/spacelab-ufsc/golds-ufsc-doc}>}
}